<record><leader>00000cas a22000007a 4500</leader><controlfield tag="001">13043785</controlfield><controlfield tag="008">860121d19091932inudn ne      0    0eng d</controlfield><datafield ind1=" " ind2=" " tag="010"><subfield code="a">sn 86058011 </subfield></datafield><datafield ind1=" " ind2=" " tag="040"><subfield code="a">NPI</subfield><subfield code="b">eng</subfield><subfield code="c">NPI</subfield><subfield code="d">OCLCQ</subfield><subfield code="d">DLC</subfield><subfield code="d">OCLCF</subfield></datafield><datafield ind1=" " ind2=" " tag="042"><subfield code="a">msc</subfield></datafield><datafield ind1=" " ind2=" " tag="043"><subfield code="a">n-us-in</subfield></datafield><datafield ind1="0" ind2="0" tag="245"><subfield code="a">Plymouth daily Democrat.</subfield></datafield><datafield ind1=" " ind2=" " tag="260"><subfield code="a">Plymouth, Ind. :</subfield><subfield code="b">Clay W. Metsker,</subfield><subfield code="c">1909-1932.</subfield></datafield><datafield ind1=" " ind2=" " tag="310"><subfield code="a">Daily (except Sun.)</subfield></datafield><datafield ind1="0" ind2=" " tag="362"><subfield code="a">Apr. 1, 1909-Mar. 9, 1932.</subfield></datafield><datafield ind1=" " ind2=" " tag="580"><subfield code="a">Weekly ed.: Plymouth Democrat.</subfield></datafield><datafield ind1=" " ind2="0" tag="651"><subfield code="a">Plymouth (Ind.)</subfield><subfield code="v">Newspapers.</subfield></datafield><datafield ind1=" " ind2="7" tag="655"><subfield code="a">Newspapers.</subfield><subfield code="2">fast</subfield><subfield code="0">(OCoLC)fst01423814</subfield></datafield><datafield ind1=" " ind2="7" tag="651"><subfield code="a">Indiana</subfield><subfield code="z">Plymouth.</subfield><subfield code="2">fast</subfield><subfield code="0">(OCoLC)fst01218147</subfield></datafield><datafield ind1=" " ind2=" " tag="752"><subfield code="a">United States</subfield><subfield code="b">Indiana</subfield><subfield code="c">Marshall</subfield><subfield code="d">Plymouth.</subfield></datafield><datafield ind1="1" ind2=" " tag="775"><subfield code="t">Plymouth Democrat</subfield><subfield code="x">2332-256X</subfield><subfield code="w">(DLC)sn 84038005</subfield><subfield code="w">(OCoLC)11172584</subfield></datafield><datafield ind1="0" ind2="0" tag="780"><subfield code="t">Daily independent (Plymouth, Ind.)</subfield><subfield code="w">(DLC)sn 87056254</subfield></datafield><datafield ind1="0" ind2="0" tag="785"><subfield code="t">Plymouth daily news, or, Plymouth daily Democrat</subfield><subfield code="w">(DLC)sn 86058013</subfield></datafield></record>